@article{gan,
	title={Generative Adversarial Networks},
	Author = {Ian J. Goodfellow and Jean Pouget-Abadie and Mehdi Mirza and Bing Xu and David Warde-Farley and Sherjil Ozair and Aaron Courville and Yoshua Bengio},
	journal = {arXiv:1506.02626},
	Year = {2014}
}

@article{wgan,
	title={Wasserstein GAN},
	Author = {Martin Arjovsky and Soumith Chintala and LÃ©on Bottou},
	journal = {arXiv:1701.07875},
	Year = {2017}
}